@misc{bertolinisusy,
      title={Introduction to Supersymmetry}, 
      author={Bertolini, Matteo},
      year={2021},
      url={https://people.sissa.it/~bertmat/teaching.htm}
}